@article{Turchetta2020SafeRL,
  title={{Safe Reinforcement Learning via Curriculum Induction}},
  author={Matteo Turchetta and Andrey Kolobov and S. Shah and Andreas Krause and Alekh Agarwal},
  journal={ArXiv},
  year={2020},
  volume={abs/2006.12136}
}

@misc{gym-flake,
  title={{Frozen Lake}},
  author={OpenAI},
  url={https://gymlibrary.ml/environments/toy_text/frozen_lake},
}
